@book{teschl-1,
  author = {Teschl, Gerald and Teschl, Susanne},
  edition = {Vierte},
  editor = {Berlin, Springer},
  keywords = {2014 informatik mathematik lina lineare algebra diskrete mathemtik},
  month = {Mai},
  publisher = {Springer Vieweg},
  series = {Mathematik für Informatiker},
  timestamp = {2010-06-13T17:00:56.000+0200},
  title = {Mathematik für Informatiker: Band 1: Diskrete Mathematik und Lineare Algebra},
  volume = 1,
  year = 2014,
  DOI = {10.1007/978-3-642-37972-2}
  ISBN = {978-3-642-37971-0}
}

@book{teschl-2,
  author = {Teschl, Gerald and Teschl, Susanne},
  edition = {Dritte},
  editor = {Berlin, Springer},
  keywords = {2014 informatik mathematik analysis statistik},
  month = {Mai},
  publisher = {Springer Vieweg},
  series = {Mathematik für Informatiker},
  title = {Mathematik für Informatiker: Band 2: Analysis und Statistik},
  volume = 2,
  year = 2014,
  DOI = {10.1007/978-3-642-54274-9}
  ISBN = {978-3-642-54273-2}
}

@book{hartmann:peter:,
  author = {Hartmann, Peter},
  edition = {Sechste},
  editor = {Berlin, Springer},
  keywords = {2015 informatik mathematik analysis statistik},
  publisher = {Springer Vieweg},
  title = {Mathematik für Informatiker: Ein praxisbezogenes Lehrbuch},
  year = 2015,
  DOI = {10.1007/978-3-642-03416-0}
  ISBN = {978-3-642-03415-3}
}
